@article{SagivY80,
  author    = {Yehoshua Sagiv and
               Mihalis Yannakakis},
  title     = {Equivalences Among Relational Expressions with the Union and Difference
               Operators},
  journal   = {J. {ACM}},
  volume    = {27},
  number    = {4},
  pages     = {633--655},
  year      = {1980}
}

@inproceedings{SaleemSMLN17,
  author    = {Muhammad Saleem and
               Claus Stadler and
               Qaiser Mehmood and
               Jens Lehmann and
               Axel{-}Cyrille Ngonga Ngomo},
  title     = {SQCFramework: {SPARQL} Query Containment Benchmark Generation Framework},
  booktitle = {Knowledge Capture Conference ({K-CAP})},
  pages     = {28:1--28:8},
  year      = {2017}
}

@inproceedings{ArandaHUV13,
  author    = {Carlos Buil Aranda and
               Aidan Hogan and
               J{\"{u}}rgen Umbrich and
               Pierre{-}Yves Vandenbussche},
  title     = {{SPARQL} Web-Querying Infrastructure: Ready for Action?},
  booktitle = {International Semantic Web Conference (ISWC)},
  pages     = {277--293},
  year      = {2013}
}

@article{BonifatiMT17,
  author    = {Angela Bonifati and
               Wim Martens and
               Thomas Timm},
  title     = {An Analytical Study of Large {SPARQL} Query Logs},
  journal   = {{PVLDB}},
  volume    = {11},
  number    = {2},
  pages     = {149--161},
  year      = {2017}
}

Users sending lots of queries:

@inproceedings{SaleemAHMN15,
  author    = {Muhammad Saleem and
               Muhammad Intizar Ali and
               Aidan Hogan and
               Qaiser Mehmood and
               Axel{-}Cyrille Ngonga Ngomo},
  title     = {{LSQ:} The Linked {SPARQL} Queries Dataset},
  booktitle = {International Semantic Web Conference (ISWC)},
  year		= {2015}
}

@inproceedings{ChandraM77,
  author    = {Ashok K. Chandra and
               Philip M. Merlin},
  title     = {{Optimal Implementation of Conjunctive Queries in Relational Data Bases}},
  booktitle = {{ACM} Symposium on Theory of Computing (STOC)},
  pages     = {77--90},
  year      = {1977}
}

@inproceedings{gallego,
  author = {Mario Arias{\ }Gallego and Javier D. Fern\'{a}ndez and Miguel A. Mart\'{\i}nez-Prieto and Pablo de{\ }la{\ }Fuente},
  title = {{An empirical study of real-world SPARQL queries}},
  booktitle = {{Usage Analysis and the Web of Data {(USEWOD)}}},
  year = {2011}
}

@inproceedings{Polleres07,
  author    = {Axel Polleres},
  title     = {From {SPARQL} to rules (and back)},
  booktitle = {International Conference on World Wide Web (WWW)},
  pages     = {787--796},
  year      = {2007}
}


Caching SPARQL results ...

@inproceedings{WilliamsW11,
  author    = {Gregory Todd Williams and
               Jesse Weaver},
  title     = {Enabling Fine-Grained {HTTP} Caching of {SPARQL} Query Results},
  booktitle = {The Semantic Web - {ISWC} 2011 - 10th International Semantic Web Conference,
               Bonn, Germany, October 23-27, 2011, Proceedings, Part {I}},
  pages     = {762--777},
  year      = {2011}
}

@inproceedings{PapailiouTKK15,
  author    = {Nikolaos Papailiou and
               Dimitrios Tsoumakos and
               Panagiotis Karras and
               Nectarios Koziris},
  title     = {Graph-Aware, Workload-Adaptive {SPARQL} Query Caching},
  booktitle = {{ACM} {SIGMOD} International Conference on
               Management of Data},
  pages     = {1777--1792},
  year      = {2015},
  publisher = {{ACM}}
}

SPARQL query containment ...


@article{PerezAG09,
  author    = {Jorge P{\'{e}}rez and
               Marcelo Arenas and
               Claudio Gutierrez},
  title     = {Semantics and complexity of {SPARQL}},
  journal   = {{ACM} Trans. Database Syst.},
  volume    = {34},
  number    = {3},
  year      = {2009}
}

SPARQL query containment ...

@inproceedings{schmidt2010foundations,
  title={Foundations of SPARQL query optimization},
  author={Schmidt, Michael and Meier, Michael and Lausen, Georg},
  booktitle={International Conference on Database Theory (ICDT)},
  pages={4--33},
  year={2010}
}

@article{alkhateeb2009extending,
  title={Extending SPARQL with regular expression patterns (for querying RDF)},
  author={Alkhateeb, Faisal and Baget, Jean-Fran{\c{c}}ois and Euzenat, J{\'e}r{\^o}me},
  journal={Web Semantics},
  volume={7},
  number={2},
  pages={57--73},
  year={2009},
  publisher={Elsevier}
}

@inproceedings{angles2008expressive,
  title={The expressive power of SPARQL},
  author={Angles, Renzo and Gutierrez, Claudio},
  booktitle={International Semantic Web Conference},
  pages={114--129},
  year={2008},
  organization={Springer}
}

@inproceedings{foggia2001performance,
  title={A performance comparison of five algorithms for graph isomorphism},
  author={Foggia, Pasquale and Sansone, Carlo and Vento, Mario},
  booktitle={Proceedings of the 3rd IAPR TC-15 Workshop on Graph-based Representations in Pattern Recognition},
  pages={188--199},
  year={2001}
}

@article{husain2011heuristics,
  title={Heuristics-based query processing for large RDF graphs using cloud computing},
  author={Husain, Mohammad and McGlothlin, James and Masud, Mohammad M and Khan, Latifur and Thuraisingham, Bhavani M},
  journal={IEEE Transactions on Knowledge and Data Engineering},
  volume={23},
  number={9},
  pages={1312--1327},
  year={2011},
  publisher={IEEE}
}

@inproceedings{stocker2008sparql,
  title={SPARQL basic graph pattern optimization using selectivity estimation},
  author={Stocker, Markus and Seaborne, Andy and Bernstein, Abraham and Kiefer, Christoph and Reynolds, Dave},
  booktitle={International Conference on World Wide Web (WWW)},
  pages={595--604},
  year={2008},
  organization={ACM}
}

@article{read1977graph,
  title={The graph isomorphism disease},
  author={Read, Ronald C and Corneil, Derek G},
  journal={Journal of Graph Theory},
  volume={1},
  number={4},
  pages={339--363},
  year={1977},
  publisher={Wiley Online Library}
}

@article{corneil1970efficient,
  title={An efficient algorithm for graph isomorphism},
  author={Corneil, Derek G and Gotlieb, Calvin C},
  journal={Journal of the ACM (JACM)},
  volume={17},
  number={1},
  pages={51--64},
  year={1970},
  publisher={ACM}
}

@article{mckay2014practical,
  title={Practical graph isomorphism, II},
  author={McKay, Brendan D and Piperno, Adolfo},
  journal={Journal of Symbolic Computation},
  volume={60},
  pages={94--112},
  year={2014},
  publisher={Elsevier}
}


@misc{rdfconcepts11,
    author = {Richard Cyganiak and David Wood and Markus Lanthaler},
    title = {{RDF 1.1 Concepts and Abstract Syntax}},
    howpublished = {{W3C Recommendation}},
    note = {\url{http://www.w3.org/TR/rdf11-concepts/}},
    year = {2014},
        month = feb,
    day = {25},
}

@misc{extended,
  title={{Canonicalisation of Monotone SPARQL Queries}},
  author={Jaime Salas and Aidan Hogan},
  howpublished = {{Technical Report}},
  note = {\url{http://aidanhogan.com/qcan/extended.pdf}},
}

@misc{rdfsemantics11,
    author = { Patrick Hayes and Peter F. Patel-Schneider},
    title = {{RDF 1.1 Semantics}},
    howpublished = {W3C Recommendation},
    year = {2014},
    month = feb,
    day = {25},
    note = {\url{http://www.w3.org/TR/rdf11-mt/}},
}



{ref1}: 
@book{DBLP:books/aw/AbiteboulHV95,
  author    = {Serge Abiteboul and
               Richard Hull and
               Victor Vianu},
  title     = {Foundations of Databases},
  publisher = {Addison-Wesley},
  year      = {1995}
}

{ref2}
@inproceedings{PichlerS14,
  author    = {Reinhard Pichler and
               Sebastian Skritek},
  title     = {Containment and equivalence of well-designed {SPARQL}},
  booktitle = {Principles of Database Systems (PODS)},
  pages     = {39--50},
  year      = {2014}
}

{ref3}
@article{Letelier0PS13,
  author    = {Andr{\'{e}}s Letelier and
               Jorge P{\'{e}}rez and
               Reinhard Pichler and
               Sebastian Skritek},
  title     = {Static analysis and optimization of semantic web queries},
  journal   = {{ACM} Trans. Database Syst.},
  volume    = {38},
  number    = {4},
  pages     = {25:1--25:45},
  year      = {2013}
}

{ref4}
@inproceedings{ChekolEGL13,
  author    = {Melisachew Wudage Chekol and
               J{\'{e}}r{\^{o}}me Euzenat and
               Pierre Genev{\`{e}}s and
               Nabil Laya{\"{\i}}da},
  title     = {Evaluating and Benchmarking {SPARQL} Query Containment Solvers},
  booktitle = {International Semantic Web Conference (ISWC)},
  pages     = {408--423},
  year      = {2013},
  publisher = {Springer}
}

{ref4}

@proceedings{DBLP:conf/www/2015,
  editor    = {Aldo Gangemi and
               Stefano Leonardi and
               Alessandro Panconesi},
  title     = {International Conference on World Wide Web (WWW)},
  publisher = {{ACM}},
  year      = {2015}
}

@inproceedings{TheoharisCK05,
  author    = {Yannis Theoharis and
               Vassilis Christophides and
               Gregory Karvounarakis},
  title     = {Benchmarking Database Representations of {RDF/S} Stores},
  booktitle = {International Semantic Web Conference (ISWC)},
  pages     = {685--701},
  year      = {2005}
}

@inproceedings{Schmidt0L10,
  author    = {Michael Schmidt and
               Michael Meier and
               Georg Lausen},
  title     = {Foundations of {SPARQL} query optimization},
  booktitle = {International Conference on Database Theory (ICDT)},
  pages     = {4--33},
  year      = {2010},
  publisher = {{ACM}}
}

@inproceedings{ChekolEGL12,
  author    = {Melisachew Wudage Chekol and
               J{\'{e}}r{\^{o}}me Euzenat and
               Pierre Genev{\`{e}}s and
               Nabil Laya{\"{\i}}da},
  title     = {{SPARQL} Query Containment Under {SHI} Axioms},
  booktitle = {{AAAI} Conference on Artificial Intelligence},
  year      = {2012}
}

@inproceedings{KaminskiK16,
  author    = {Mark Kaminski and
               Egor V. Kostylev},
  title     = {Beyond Well-designed {SPARQL}},
  booktitle = {International Conference on Database Theory (ICDT)},
  pages     = {5:1--5:18},
  year      = {2016}
}

@misc{rdf11,
    author = {Guus Schreiber and Yves Raimond},
    title = {{RDF 1.1 Primer}},
    howpublished = {{W3C Working Group Note}},
    note = {\url{http://www.w3.org/TR/rdf11-primer/}},
    year = {2014},
	month = jun,
    day = {24},
}

@misc{sparql11,
    author = {Steve Harris and Andy Seaborne and Eric Prud'hommeaux},
    title = {{SPARQL 1.1 Query Language}},
    howpublished = {{W3C Recommendation}},
    note = {\url{http://www.w3.org/TR/sparql11-query/}},
    year = {2013},
	month = mar,
    day = {21},
}

@misc{rdfs11,
    author = {Dan Brickley and R.V. Guha and Brian McBride},
    title = {{RDF Schema 1.1}},
    howpublished = {W3C Recommendation},
    year = {2014},
    day = {25},
    note = {\url{http://www.w3.org/TR/rdf-schema/}},
}

@misc{owl2primer,
    author = {Pascal Hitzler and Markus Kr\"otzsch and Bijan Parsia and Peter F. Patel-Schneider and Sebastian Rudolph},
    title = {{OWL 2 Web Ontology Language Primer}},
    howpublished = {W3C Recommendation},
    year = {2009},
    month = oct,
    day = {27},
    note = {\url{http://www.w3.org/TR/owl2-primer/}}
}

@book{ldbook,
	Author = {Tom Heath and Christian Bizer},
	Isbn = {9781608454310},
	Issue = {1},
	Pages = {1--136},
	Publisher = {Morgan \& Claypool},
	Title = {{Linked Data: Evolving the Web into a Global Data Space}},
	Volume = {1},
	Year = {2011}}
	
@misc{ldprinciples,
  author = {Tim Berners-Lee},
  title = {{Linked Data}},
  howpublished = {{W3C Design Issues}}, 
  note = {\url{http://www.w3.org/DesignIssues/LinkedData.html}},
  month = {July},
  year = {2006}
}	

@inproceedings{lod14,
  author    = {Max Schmachtenberg and
               Christian Bizer and
               Heiko Paulheim},
  title     = {{Adoption of the Linked Data Best Practices in Different Topical Domains}},
  booktitle = {International Semantic Web Conference (ISWC)},
  pages     = {245--260},
  year      = {2014}
}

Popular linked datasets

@article{yago2,
  author    = {Johannes Hoffart and
               Fabian M. Suchanek and
               Klaus Berberich and
               Gerhard Weikum},
  title     = {{YAGO2:} {A} spatially and temporally enhanced knowledge base from
               {W}ikipedia},
  journal   = {Artif. Intell.},
  volume    = {194},
  pages     = {28--61},
  year      = {2013}
}

@article{dbpedia,
  author    = {Jens Lehmann and
               Robert Isele and
               Max Jakob and
               Anja Jentzsch and
               Dimitris Kontokostas and
               Pablo N. Mendes and
               Sebastian Hellmann and
               Mohamed Morsey and
               Patrick van Kleef and
               S{\"{o}}ren Auer and
               Christian Bizer},
  title     = {DBpedia - {A} large-scale, multilingual knowledge base extracted from
               Wikipedia},
  journal   = {Semantic Web},
  volume    = {6},
  number    = {2},
  pages     = {167--195},
  year      = {2015}
}

@article{wikidata,
  author    = {Denny Vrandecic and
               Markus Kr{\"{o}}tzsch},
  title     = {Wikidata: a free collaborative knowledgebase},
  journal   = {Commun. {ACM}},
  volume    = {57},
  number    = {10},
  pages     = {78--85},
  year      = {2014}
}

SPARQL engines

@incollection{virtuoso,
  author    = {Orri Erling and
               Ivan Mikhailov},
  title     = {{RDF Support in the Virtuoso DBMS}},
  booktitle   = {Networked Knowledge -- Networked Media},
  series    = {Studies in Computational Intelligence},
  year      = {2009},
  pages     = {7--24},
  volume    = {221},
  publisher = {Springer}
}

@article{jena,
  author    = {Brian McBride},
  title     = {Jena: {A} {S}emantic {W}eb {T}oolkit},
  journal   = {{IEEE} Internet Computing},
  volume    = {6},
  number    = {6},
  pages     = {55--59},
  year      = {2002}
}

@incollection{blazegraph,
  author    = {Bryan B. Thompson and
               Mike Personick and
               Martyn Cutcher},
  title     = {The Bigdata{\textregistered} {RDF} Graph Database},
  booktitle = {Linked Data Management.},
  pages     = {193--237},
  year      = {2014}
}

SPARQL optimisation engines

@article{NeumannW10,
  author    = {Thomas Neumann and
               Gerhard Weikum},
  title     = {The {RDF-3X} engine for scalable management of {RDF} data},
  journal   = {{VLDB} J.},
  volume    = {19},
  number    = {1},
  pages     = {91--113},
  year      = {2010}
}

@article{WeissKB08,
  author    = {Cathrin Weiss and
               Panagiotis Karras and
               Abraham Bernstein},
  title     = {Hexastore: sextuple indexing for semantic web data management},
  journal   = {{PVLDB}},
  volume    = {1},
  number    = {1},
  pages     = {1008--1019},
  year      = {2008}
}

@article{HuangAR11,
  author    = {Jiewen Huang and
               Daniel J. Abadi and
               Kun Ren},
  title     = {Scalable {SPARQL} Querying of Large {RDF} Graphs},
  journal   = {{PVLDB}},
  volume    = {4},
  number    = {11},
  pages     = {1123--1134},
  year      = {2011}
}

SPARQL / relational algebra

@article{cyganiak2005relational,
  title={{A relational algebra for SPARQL}},
  author={Cyganiak, Richard},
  journal={{Digital Media Systems Laboratory HP Laboratories Bristol. HPL-2005-170}},
  pages=35,
  year=2005
}

@inproceedings{AnglesG16,
  author    = {Renzo Angles and
               Claudio Gutierrez},
  title     = {The Multiset Semantics of {SPARQL} Patterns},
  booktitle = {International Semantic Web Conference (ISWC)},
  pages     = {20--36},
  year      = {2016},
  publisher = {Springer}
}

Canonicalisation / RDF semantics

@inproceedings{Hogan15,
  author    = {Aidan Hogan},
  title     = {{Skolemising Blank Nodes while Preserving Isomorphism}},
  booktitle = {World Wide Web Conference (WWW)},
  pages     = {430--440},
  year      = {2015},
  publisher = {ACM}
}

@inproceedings{Babai16,
  author    = {L{\'{a}}szl{\'{o}} Babai},
  title     = {Graph isomorphism in quasipolynomial time [extended abstract]},
  booktitle = {Symposium on Theory of Computing ({STOC})},
  pages     = {684--697},
  publisher = {ACM},
  year      = {2016}
}

@article{GutierrezHMP11,
  author    = {Claudio Gutierrez and
               Carlos A. Hurtado and
               Alberto O. Mendelzon and
               Jorge P{\'{e}}rez},
  title     = {Foundations of {S}emantic {W}eb databases},
  journal   = {J. Comput. Syst. Sci.},
  volume    = {77},
  number    = {3},
  pages     = {520--541},
  year      = {2011}
}

@article{Hogan17,
  author    = {Aidan Hogan},
  title     = {Canonical Forms for Isomorphic and Equivalent {RDF} Graphs: Algorithms for Leaning and Labelling Blank Nodes},
  journal   = {ACM TWeb},
  volume    = {11},
  number    = {4},
  year      = {2017}
}

% bag semantics

@article{CohenW11,
  author    = {Sara Cohen and
               Yaacov Y. Weiss},
  title     = {Bag equivalence of tree patterns},
  journal   = {{ACM} Trans. Database Syst.},
  volume    = {36},
  number    = {4},
  pages     = {24:1--24:35},
  year      = {2011}
}

@article{Cohen09,
  author    = {Sara Cohen},
  title     = {Equivalence of queries that are sensitive to multiplicities},
  journal   = {{VLDB} J.},
  volume    = {18},
  number    = {3},
  pages     = {765--785},
  year      = {2009}
}

@article{Chirkova16,
  author    = {Rada Chirkova},
  title     = {Combined-semantics equivalence of conjunctive queries: Decidability
               and tractability results},
  journal   = {J. Comput. Syst. Sci.},
  volume    = {82},
  number    = {3},
  pages     = {395--465},
  year      = {2016}
}

@inproceedings{Miyazaki,
    author = {Takunari Miyazaki},
    title = {{The Complexity of McKay's Canonical Labeling Algorithm}},
    year = {1997},
	booktitle = {Groups and Computation, II},
	pages = {239--256}
}

@inproceedings{Cohen06,
  author    = {Sara Cohen},
  title     = {Equivalence of queries combining set and bag-set semantics},
  booktitle = {Principles of Database Systems (PODS)},
  pages     = {70--79},
  year      = {2006},
  publisher = {{ACM}}
}

@inproceedings{ChaudhuriV93,
  author    = {Surajit Chaudhuri and
               Moshe Y. Vardi},
  title     = {{Optimization of \emph{Real} Conjunctive Queries}},
  booktitle = {Principles of Database Systems (PODS)},
  pages     = {59--70},
  year      = {1993},
  publisher = {{ACM} Press}
}

@inproceedings{bliss,
  author    = {Tommi A. Junttila and
               Petteri Kaski},
  title     = {Engineering an Efficient Canonical Labeling Tool for Large and Sparse
               Graphs},
  booktitle = {Workshop on Algorithm Engineering and Experiments (ALENEX)},
  year      = {2007}
}